% this is the bibliography file


@inproceedings{mining-specifications,
    author = {Christodorescu, Mihai and Jha, Somesh and Kruegel, Christopher},
    title = {Mining specifications of malicious behavior},
    booktitle = {Proceedings of the the 6th joint meeting of the European software engineering conference and the ACM SIGSOFT symposium on The foundations of software engineering},
    series = {ESEC-FSE '07},
    year = {2007},
    isbn = {978-1-59593-811-4},
    location = {Dubrovnik, Croatia},
    pages = {5--14},
    numpages = {10},
    url = {http://doi.acm.org/10.1145/1287624.1287628},
    doi = {10.1145/1287624.1287628},
    acmid = {1287628},
    publisher = {ACM},
    address = {New York, NY, USA},
    keywords = {behavior-based detection, differential analysis, malspec},
}

@inproceedings{minimal-contrast-subgraph,
  author    = {Roger Ming Hieng Ting and James Bailey},
  title     = {Mining Minimal Contrast Subgraph Patterns},
  booktitle = {SDM},
  year      = {2006},
  ee        = {http://www.siam.org/meetings/sdm06/proceedings/077TingR.pdf},
  bibsource = {DBLP, http://dblp.uni-trier.de}
}

@article{common-subgraph,
    author    = {James J. McGregor},
    title     = {Backtrack Search Algorithms and the Maximal Common Subgraph Problem},
    journal   = {Software Practice and Experience},
    volume    = {12},
    number    = {1},
    year      = {1982},
    pages     = {23-34},
    ee        = {http://dx.doi.org/10.1002/spe.4380120103},
    bibsource = {DBLP, http://dblp.uni-trier.de}
}

@inproceedings{current-mal-behavior,
    author = {Bayer, Ulrich and Habibi, Imam and Balzarotti, Davide and Kirda, Engin and Kruegel, Christopher},
    title = {A view on current malware behaviors},
    booktitle = {Proceedings of the 2nd USENIX conference on Large-scale exploits and emergent threats: botnets, spyware, worms, and more},
    series = {LEET'09},
    year = {2009},
    location = {Boston, MA},
    pages = {8--8},
    numpages = {1},
    url = {http://dl.acm.org/citation.cfm?id=1855676.1855684},
    acmid = {1855684},
    publisher = {USENIX Association},
    address = {Berkeley, CA, USA},
} 

@inproceedings{mal-behavior-analysis,
    author = {Zolkipli, Mohamad Fadli and Jantan, Aman},
    title = {Malware Behavior Analysis: Learning and Understanding Current Malware Threats},
    booktitle = {Proceedings of the 2010 Second International Conference on Network Applications, Protocols and Services},
    series = {NETAPPS '10},
    year = {2010},
    isbn = {978-0-7695-4177-8},
    pages = {218--221},
    numpages = {4},
    url = {http://dx.doi.org/10.1109/NETAPPS.2010.46},
    doi = {10.1109/NETAPPS.2010.46},
    acmid = {1915351},
    publisher = {IEEE Computer Society},
    address = {Washington, DC, USA},
    keywords = {malware, behavior analysis},
} 

@inproceedings{testing-mal-det,
    author = {Christodorescu, Mihai and Jha, Somesh},
    title = {Testing malware detectors},
    booktitle = {Proceedings of the 2004 ACM SIGSOFT international symposium on Software testing and analysis},
    series = {ISSTA '04},
    year = {2004},
    isbn = {1-58113-820-2},
    location = {Boston, Massachusetts, USA},
    pages = {34--44},
    numpages = {11},
    url = {http://doi.acm.org/10.1145/1007512.1007518},
    doi = {10.1145/1007512.1007518},
    acmid = {1007518},
    publisher = {ACM},
    address = {New York, NY, USA},
    keywords = {adaptive testing, anti-virus, malware, obfuscation},
} 

@inproceedings{static-detection-behavior,
    author = {Fu, Wen and Pang, Jianmin and Zhao, Rongcai and Zhang, Yichi and Wei, Bo},
    title = {Static Detection of API-Calling Behavior from Malicious Binary Executables},
    booktitle = {Proceedings of the 2008 International Conference on Computer and Electrical Engineering},
    series = {ICCEE '08},
    year = {2008},
    isbn = {978-0-7695-3504-3},
    pages = {388--392},
    numpages = {5},
    url = {http://dx.doi.org/10.1109/ICCEE.2008.53},
    doi = {10.1109/ICCEE.2008.53},
    acmid = {1490604},
    publisher = {IEEE Computer Society},
    address = {Washington, DC, USA},
    keywords = {Malware Detection, Software Security, Obfuscation, API-calling Behavior, Static Analysis},
}

@article{semantics-based-detection,
    author = {Preda, Mila Dalla and Christodorescu, Mihai and Jha, Somesh and Debray, Saumya},
    title = {A semantics-based approach to malware detection},
    journal = {ACM Trans. Program. Lang. Syst.},
    issue_date = {August 2008},
    volume = {30},
    number = {5},
    month = sep,
    year = {2008},
    issn = {0164-0925},
    pages = {25:1--25:54},
    articleno = {25},
    numpages = {54},
    url = {http://doi.acm.org/10.1145/1387673.1387674},
    doi = {10.1145/1387673.1387674},
    acmid = {1387674},
    publisher = {ACM},
    address = {New York, NY, USA},
    keywords = {Malware detection, abstract interpretation, obfuscation, trace semantics},
} 

@inproceedings{crowdroid-malware-android,
    author = {Burguera, Iker and Zurutuza, Urko and Nadjm-Tehrani, Simin},
    title = {Crowdroid: behavior-based malware detection system for Android},
    booktitle = {Proceedings of the 1st ACM workshop on Security and privacy in smartphones and mobile devices},
    series = {SPSM '11},
    year = {2011},
    isbn = {978-1-4503-1000-0},
    location = {Chicago, Illinois, USA},
    pages = {15--26},
    numpages = {12},
    url = {http://doi.acm.org/10.1145/2046614.2046619},
    doi = {10.1145/2046614.2046619},
    acmid = {2046619},
    publisher = {ACM},
    address = {New York, NY, USA},
    keywords = {anomaly detection, crowdsourcing, data mining, dynamic analysis, intrusion detection, malware detection, smartphone security},
}

@Misc{anubis-platform,
    title =    {Anubis},
    howpublished = {\url{http://anubis.iseclab.org}, 2007. (Last access: July 2013)},
}

@Misc{pugixml-library,
    title =    {pugixml, light-weight C++ XML library},
    howpublished = {\url{http://pugixml.org}, 2012. (Last access: July 2013)},
}

@Misc{open-malware,
    title =    {Open Malware},
    howpublished = {\url{http://oc.gtisc.gatech.edu:8080/search.cgi?search=linux}, (Last access: July 2013)}
}

@unpublished{rfc2828,
    author = {Shirey, R.},
    journal = {Request For Comments},
    keywords = {security, trust-computing},
    month = may,
    posted-at = {2007-05-07 10:06:33},
    priority = {2},
    title = {{RFC} 2828 - Internet Security Glossary},
    year = {2000}
}

@article{smartphone-malware-detection,
author = {Abdelfattah Amamra and Chamseddine Talhi and Jean-Marc Robert},
title = {Smartphone malware detection: From a survey towards taxonomy},
journal ={2012 7th International Conference on Malicious and Unwanted Software},
volume = {0},
isbn = {978-1-4673-4880-5},
year = {2012},
pages = {79-86},
doi = {http://doi.ieeecomputersociety.org/10.1109/MALWARE.2012.6461012},
publisher = {IEEE Computer Society},
address = {Los Alamitos, CA, USA},
}